
@article{jamon_ground-based_2008,
	title = {{Ground-Based} Researches on the Effects of Altered Gravity on Mice Development},
	volume = {21},
	issn = {0938-0108, 1875-0494},
	url = {http://www.springerlink.com/content/f2109u635k57707u/},
	doi = {10.1007/s12217-008-9098-0},
	number = {4},
	journal = {Microgravity Science and Technology},
	author = {Jamon, Marc and Serradj, Najet},
	month = nov,
	year = {2008},
	pages = {327--337},
}
